%% This BibTeX bibliography file was created using BibDesk.
%% http://bibdesk.sourceforge.net/

%% Created for Lin,Tzu-Heng at 2017-06-29 23:40:35 +0800 


%% Saved with string encoding Unicode (UTF-8) 



@article{chen2014state,
	Author = {Chen, Jing and Wei, Tongquan and Liang, Jianlin},
	Date-Added = {2017-06-29 15:40:20 +0000},
	Date-Modified = {2017-06-29 15:40:24 +0000},
	Journal = {IEEE Transactions on Very Large Scale Integration (VLSI) Systems},
	Keywords = {dfs},
	Number = {8},
	Pages = {1679--1692},
	Publisher = {IEEE},
	Title = {State-aware dynamic frequency selection scheme for energy-harvesting real-time systems},
	Volume = {22},
	Year = {2014}}

@article{ma2015nonvolatile,
	Author = {Ma, Kaisheng and Li, Xueqing and Li, Shuangchen and Liu, Yongpan and Sampson, John Jack and Xie, Yuan and Narayanan, Vijaykrishnan},
	Date-Added = {2017-06-29 15:39:17 +0000},
	Date-Modified = {2017-06-29 15:39:25 +0000},
	Journal = {IEEE Micro},
	Keywords = {nvp-application},
	Number = {5},
	Pages = {32--40},
	Publisher = {IEEE},
	Title = {Nonvolatile processor architecture exploration for energy-harvesting applications},
	Volume = {35},
	Year = {2015}}

@inproceedings{zhao2016redesigning,
	Author = {Zhao, Mengying and Qiu, Keni and Xie, Yuan and Hu, Jingtong and Xue, Chun Jason},
	Booktitle = {Very Large Scale Integration (VLSI-SoC), 2016 IFIP/IEEE International Conference on},
	Date-Added = {2017-06-29 15:38:05 +0000},
	Date-Modified = {2017-06-29 15:38:12 +0000},
	Keywords = {nvp-overview2},
	Organization = {IEEE},
	Pages = {1--6},
	Title = {Redesigning software and systems for non-volatile processors on self-powered devices},
	Year = {2016}}

@inproceedings{liu2015ambient,
	Author = {Liu, Yongpan and Li, Zewei and Li, Hehe and Wang, Yiqun and Li, Xueqing and Ma, Kaisheng and Li, Shuangchen and Chang, Meng-Fan and John, Sampson and Xie, Yuan and others},
	Booktitle = {Proceedings of the 52nd Annual Design Automation Conference},
	Date-Added = {2017-06-29 15:37:06 +0000},
	Date-Modified = {2017-06-29 15:37:14 +0000},
	Keywords = {nvp-overview1},
	Organization = {ACM},
	Pages = {150},
	Title = {Ambient energy harvesting nonvolatile processors: from circuit to system},
	Year = {2015}}

@inproceedings{gu2016nvpsim,
	Author = {Gu, Yizi and Liu, Yongpan and Wang, Yiqun and Li, Hehe and Yang, Huazhong},
	Booktitle = {Design Automation Conference (ASP-DAC), 2016 21st Asia and South Pacific},
	Date-Added = {2017-06-29 14:51:12 +0000},
	Date-Modified = {2017-06-29 14:51:20 +0000},
	Keywords = {gem5-nvp},
	Organization = {IEEE},
	Pages = {147--152},
	Title = {NVPsim: A simulator for architecture explorations of nonvolatile processors},
	Year = {2016}}

@article{binkert2011gem5,
	Author = {Binkert, Nathan and Beckmann, Bradford and Black, Gabriel and Reinhardt, Steven K and Saidi, Ali and Basu, Arkaprava and Hestness, Joel and Hower, Derek R and Krishna, Tushar and Sardashti, Somayeh and others},
	Date-Added = {2017-06-29 14:47:17 +0000},
	Date-Modified = {2017-06-29 14:47:21 +0000},
	Journal = {ACM SIGARCH Computer Architecture News},
	Keywords = {gem5},
	Number = {2},
	Pages = {1--7},
	Publisher = {ACM},
	Title = {The gem5 simulator},
	Volume = {39},
	Year = {2011}}
